@article{kirkpatrick2017,
  title={Overcoming catastrophic forgetting in neural networks},
  author={Kirkpatrick, James and others},
  journal={Proceedings of the National Academy of Sciences},
  volume={114},
  number={13},
  pages={3521--3526},
  year={2017},
  doi={10.1073/pnas.1611835114},
  url={https://doi.org/10.1073/pnas.1611835114}
}

@inproceedings{shankar2022,
  title={Failure prediction with tactile sensing for robotic assembly},
  author={Shankar, Sanjay and others},
  booktitle={2022 International Conference on Robotics and Automation (ICRA)},
  pages={6546--6552},
  year={2022},
  doi={10.1109/ICRA46639.2022.9811632}
}

@article{horowitz2014,
  title={1.1 Computing's energy problem (and what we can do about it)},
  author={Horowitz, Mark},
  journal={2014 IEEE International Solid-State Circuits Conference Digest},
  pages={10--14},
  year={2014},
  doi={10.1109/ISSCC.2014.6757323}
}

@article{vaswani2017,
  title={Attention is all you need},
  author={Vaswani, Ashish and others},
  journal={Advances in Neural Information Processing Systems},
  volume={30},
  year={2017},
  url={https://proceedings.neurips.cc/paper/2017/file/3f5ee243547dee91fbd053c1c4a845aa-Paper.pdf}
}

@inproceedings{haarnoja2018,
  title={Soft actor-critic: Off-policy maximum entropy deep reinforcement learning with a stochastic actor},
  author={Haarnoja, Tuomas and others},
  booktitle={International Conference on Machine Learning},
  pages={1861--1870},
  year={2018},
  url={https://proceedings.mlr.press/v80/haarnoja18b.html}
}

@article{kingma2013,
  title={Auto-encoding variational bayes},
  author={Kingma, Diederik P and Welling, Max},
  journal={arXiv preprint arXiv:1312.6114},
  year={2013},
  eprint={1312.6114},
  archiveprefix={arXiv}
}